<record><leader>00000cas a22000007a 4500</leader><controlfield tag="001">15115704</controlfield><controlfield tag="008">870127d17981798pauwr ne      0   a0eng d</controlfield><datafield ind1=" " ind2=" " tag="010"><subfield code="a">sn 87052058 </subfield></datafield><datafield ind1=" " ind2=" " tag="040"><subfield code="a">NPX</subfield><subfield code="b">eng</subfield><subfield code="c">NPX</subfield><subfield code="d">DLC</subfield><subfield code="d">NVK</subfield><subfield code="d">OCL</subfield><subfield code="d">OCLCG</subfield><subfield code="d">DLC</subfield><subfield code="d">OCLCF</subfield><subfield code="d">OCLCO</subfield></datafield><datafield ind1=" " ind2=" " tag="012"><subfield code="l">1</subfield></datafield><datafield ind1="0" ind2=" " tag="022"><subfield code="a">2159-3574</subfield><subfield code="2">1</subfield></datafield><datafield ind1="1" ind2=" " tag="029"><subfield code="a">AU@</subfield><subfield code="b">000020128895</subfield></datafield><datafield ind1=" " ind2=" " tag="042"><subfield code="a">msc</subfield><subfield code="a">nsdp</subfield></datafield><datafield ind1="0" ind2="0" tag="050"><subfield code="a">Newspaper</subfield></datafield><datafield ind1="1" ind2="0" tag="082"><subfield code="a">051</subfield><subfield code="2">14</subfield></datafield><datafield ind1=" " ind2="4" tag="222"><subfield code="a">The Desert to the true American</subfield></datafield><datafield ind1="0" ind2="4" tag="245"><subfield code="a">The Desert to the true American.</subfield></datafield><datafield ind1="0" ind2="3" tag="246"><subfield code="a">Desert</subfield></datafield><datafield ind1=" " ind2=" " tag="260"><subfield code="a">[Philadelphia, Pa.] :</subfield><subfield code="b">Samuel F. Bradford,</subfield><subfield code="c">1798.</subfield></datafield><datafield ind1=" " ind2=" " tag="300"><subfield code="a">v. ;</subfield><subfield code="c">35 cm.</subfield></datafield><datafield ind1=" " ind2=" " tag="310"><subfield code="a">Weekly</subfield></datafield><datafield ind1="0" ind2=" " tag="362"><subfield code="a">Vol. 1, no. 1 (July 14, 1798)-v. 1, no. 2 (July 21, 1798).</subfield></datafield><datafield ind1=" " ind2=" " tag="530"><subfield code="a">Microfilm available from UMI, as part of the early American periodical series; also available online.</subfield></datafield><datafield ind1=" " ind2="0" tag="651"><subfield code="a">Philadelphia (Pa.)</subfield><subfield code="v">Newspapers.</subfield></datafield><datafield ind1=" " ind2="7" tag="655"><subfield code="a">Newspapers.</subfield><subfield code="2">fast</subfield><subfield code="0">(OCoLC)fst01423814</subfield></datafield><datafield ind1=" " ind2="7" tag="651"><subfield code="a">Pennsylvania</subfield><subfield code="z">Philadelphia.</subfield><subfield code="2">fast</subfield><subfield code="0">(OCoLC)fst01204170</subfield></datafield><datafield ind1=" " ind2=" " tag="752"><subfield code="a">United States</subfield><subfield code="b">Pennsylvania</subfield><subfield code="c">Philadelphia</subfield><subfield code="d">Philadelphia.</subfield></datafield><datafield ind1="1" ind2=" " tag="700"><subfield code="a">Bradford, Samuel F.</subfield><subfield code="q">(Samuel Fisher),</subfield><subfield code="d">1776-1837.</subfield></datafield><datafield ind1="0" ind2=" " tag="772"><subfield code="t">True American and commercial advertiser</subfield><subfield code="w">(DLC)sn 83025940</subfield></datafield><datafield ind1="1" ind2=" " tag="776"><subfield code="t">Desert to the true American</subfield><subfield code="w">(DLC)sf 89099248</subfield><subfield code="w">(OCoLC)10077136</subfield></datafield><datafield ind1="1" ind2=" " tag="776"><subfield code="t">Desert to the true American (Online)</subfield><subfield code="w">(OCoLC)50022581</subfield></datafield><datafield ind1="0" ind2="0" tag="780"><subfield code="t">Philadelphia Minerva</subfield><subfield code="w">(DLC)ca 10000050</subfield></datafield><datafield ind1="0" ind2="0" tag="785"><subfield code="t">Dessert to the true American</subfield><subfield code="x">2159-368X</subfield><subfield code="w">(DLC)sn 86081070</subfield><subfield code="w">(OCoLC)12230084</subfield></datafield><datafield ind1="4" ind2="1" tag="856"><subfield code="u">http://gateway.proquest.com/openurl?url_ver=Z39.88-2004&amp;res_dat=xri:pqd::hnp&amp;rft_val_fmt=info:ofi/fmt:kev:mtx:journal&amp;rft_dat=xri:pqd:PMID=40347</subfield></datafield></record>